@inproceedings{kansal04tasking,
 author = {Aman Kansal and Dunny Potter and Mani B. Srivastava},
 title = {Performance aware tasking for environmentally powered sensor networks},
 booktitle = {SIGMETRICS 2004/PERFORMANCE 2004: Proceedings of the joint international conference on Measurement and modeling of computer systems},
 year = {2004},
 isbn = {1-58113-873-3},
 pages = {223--234},
 location = {New York, NY, USA},
 doi = {http://doi.acm.org/10.1145/1005686.1005714},
 publisher = {ACM Press},
 address = {New York, NY, USA},
 }
 
  
@inproceedings{kansal03framework,
 author = {Aman Kansal and Mani B. Srivastava},
 title = {An environmental energy harvesting framework for sensor networks},
 booktitle = {ISLPED '03: Proceedings of the 2003 international symposium on Low power electronics and design},
 year = {2003},
 isbn = {1-58113-682-X},
 pages = {481--486},
 location = {Seoul, Korea},
 doi = {http://doi.acm.org/10.1145/871506.871624},
 publisher = {ACM Press},
 address = {New York, NY, USA},
 }

@inproceedings{prometheus05,
  author    = {Xiaofan Jiang and
               Joseph Polastre and
               David E. Culler},
  title     = {Perpetual environmentally powered sensor networks.},
  booktitle = {IPSN},
  year      = {2005},
  pages     = {463-468},
  ee        = {http://dx.doi.org/10.1109/IPSN.2005.1440974},
  crossref  = {DBLP:conf/ipsn/2005},
  bibsource = {DBLP, http://dblp.uni-trier.de}
}

@inproceedings{zeng-ecosystem,
  author = "Heng Zeng and Xiaobo Fan and Carla Ellis and Alvin Lebeck and Amin Vahdat",
  title = "{ECOSystem}: Managing Energy as a First Class Operating System Resource",
  booktitle = "Tenth International Conference on Architectural Support for Programming Languages and Operating Systems ({ASPLOS X})",
  month = Oct,
  year = "2002",
  url = "citeseer.ist.psu.edu/zeng02ecosystem.html" }

@inproceedings{ flinn99energyaware,
    author = "Jason Flinn and M. Satyanarayanan",
    title = "Energy-aware adaptation for mobile applications",
    booktitle = "Symposium on Operating Systems Principles",
    pages = "48-63",
    year = "1999",
    url = "citeseer.ist.psu.edu/flinn99energyaware.html" }

@inproceedings{,
title = {Studying the Feasibility of Energy Harvesting in a Mobile Sensor Network},
booktitle = {2003 IEEE International Conference on Robotics and Automation (ICRA-03)},
year = {2003},
month = {September 14-22},
address = {Taiwan},
author = {Mohammad Rahimi, Hardik Shah, Gaurav Sukhatme, John Heidemann and Deborah Estrin}
}

@inproceedings{heliomote05,
  author    = {Prabal Dutta and
               Mike Grimmer and
               Anish Arora and
               Steven Bibyk and
               David E. Culler},
  title     = {Design of a wireless sensor network platform for detecting
               rare, random, and ephemeral events.},
  booktitle = {IPSN},
  year      = {2005},
  pages     = {497-502},
  ee        = {http://dx.doi.org/10.1109/IPSN.2005.1440983},
  crossref  = {DBLP:conf/ipsn/2005},
  bibsource = {DBLP, http://dblp.uni-trier.de}
}

@inproceedings{newton05TML,
  author    = {Ryan Newton and
               Arvind and
               Matt Welsh},
  title     = {Building up to macroprogramming: an intermediate language
               for sensor networks.},
  booktitle = {Proceedings of the Fourth International Symposium on Information Processing in Sensor Networks ({IPSN 05})},
  year      = {2005},
  pages     = {37-44},
  ee        = {http://dx.doi.org/10.1109/IPSN.2005.1440891},
  crossref  = {DBLP:conf/ipsn/2005},
  bibsource = {DBLP, http://dblp.uni-trier.de}
}

@InProceedings{flux,
  author = 	 {Brendan Burns and Kevin Grimaldi and Alex Kostadinov and Emery Berger and Mark Corner},
  title = 	 {Flux: A Language for Programming High-Performance Servers},
  OPTcrossref =  {},
  OPTkey = 	 {},
  booktitle = {USENIX Technical Conference},
  OPTpages = 	 {},
  year = 	 {2006},
  OPTeditor = 	 {},
  OPTvolume = 	 {},
  OPTnumber = 	 {},
  OPTseries = 	 {},
  OPTaddress = 	 {},
  OPTmonth = 	 {},
  OPTorganization = {},
  OPTpublisher = {},
  OPTnote = 	 {},
  OPTannote = 	 {}
}

@Book{turtlesernst,
  author = 	 {C. H. Ernst and J. E. Lovich and R. W. Barbour},
  ALTeditor = 	 {},
  title = 	 {Turtles of the United States and Canada},
  publisher = 	 {Smithsonian Institute Press},
  year = 	 {1994},
  OPTkey = 	 {},
  OPTvolume = 	 {},
  OPTnumber = 	 {},
  OPTseries = 	 {},
  OPTaddress = 	 {},
  OPTedition = 	 {},
  OPTmonth = 	 {},
  OPTnote = 	 {},
  OPTannote = 	 {}
}
