@InProceedings{Mach,
  author = 	 {M. Accetta and R. Baron and W. Bolosky and D. Golub and R. Rashid and A. Tevanian and M. Young},
  title = 	 {Mach: a new kernel foundation for UNIX development},
  OPTcrossref =  {},
  OPTkey = 	 {},
  booktitle = {Proceedings of Summer Usenix },
  pages = 	 {93-113},
  year = 	 {1986},
  OPTeditor = 	 {},
  OPTvolume = 	 {},
  OPTnumber = 	 {},
  OPTseries = 	 {},
  OPTaddress = 	 {},
  month = 	 {July},
  OPTorganization = {},
  OPTpublisher = {},
  OPTnote = 	 {},
  OPTannote = 	 {}
}

@InProceedings{Micaz,
  author = 	 {J. Polastre and R. Szewczyk and C. Sharp and and D. Culler},
  title = 	 {The mote revolution: Low power wireless sensor networks},
  OPTcrossref =  {},
  OPTkey = 	 {},
  booktitle = {Proceedings of the 16th Symposium on High Performance Chips (HotChips)},
  OPTpages = 	 {},
  year = 	 {2004},
  OPTeditor = 	 {},
  OPTvolume = 	 {},
  OPTnumber = 	 {},
  OPTseries = 	 {},
  OPTaddress = 	 {},
  month = 	 {August},
  OPTorganization = {},
  OPTpublisher = {},
  OPTnote = 	 {},
  OPTannote = 	 {}
}

@InProceedings{Polastre05:SPOTS,
  author = 	 {J. Polastre and R. Szewczyk and D. Culler},
  title = 	 {Telos: Enabling ultra-low power wireless research},
  OPTcrossref =  {},
  OPTkey = 	 {},
  booktitle = {Proceedings of the Fourth International Conference on Information Processing in Sensor Networks: Special track on Platform Tools and Design Methods for Network Embedded Sensors (IPSN/SPOTS)},
  OPTpages = 	 {},
  year = 	 {2005},
  OPTeditor = 	 {},
  OPTvolume = 	 {},
  OPTnumber = 	 {},
  OPTseries = 	 {},
  OPTaddress = 	 {},
  month = 	 {April},
  OPTorganization = {},
  OPTpublisher = {},
  OPTnote = 	 {},
  OPTannote = 	 {}
}


@Article{Halstead1985,
  author = 	 {R. H. Halstead Jr.},
  title = 	 {{MULTILISP}: {A} language for concurrent symbolic computation},
  journal = 	 {ACM Transactions on Programming Languages and Systems (TOPLAS)},
  year = 	 {1985},
  OPTkey = 	 {},
  volume = 	 {7},
  number = 	 {4},
  OPTpages = 	 {},
  month = 	 {October},
  OPTnote = 	 {},
  OPTannote = 	 {}
}


@InProceedings{Barr2003,
  author = 	 {K. Barr and K. Asanovic},
  title = 	 {Energy Aware Lossless Data Compression
},
  OPTcrossref =  {},
  OPTkey = 	 {},
  booktitle = {The First International Conference on Mobile Systems, Applications, and Services (Mobisys)},
  pages = 	 {231-244},
  year = 	 {2003},
  OPTeditor = 	 {},
  OPTvolume = 	 {},
  OPTnumber = 	 {},
  OPTseries = 	 {},
  address = 	 {San Francisco, CA},
  month = 	 {May},
  OPTorganization = {},
  OPTpublisher = {},
  OPTnote = 	 {},
  OPTannote = 	 {}
}

%Migration/Mobility Techniques

@InProceedings{JosephKaashoek1996,
  author = 	 {A. D. Joseph and M. F. Kaashoek},
  title = 	 {Building Reliable Mobile-Aware Applications using the {Rover} Toolkit},
  OPTcrossref =  {},
  OPTkey = 	 {},
  booktitle = {Proceedings of The Second {ACM} International Conference on Mobile Computing and Networking (MobiCom'96)},
  OPTpages = 	 {},
  year = 	 {1996},
  OPTeditor = 	 {},
  OPTvolume = 	 {},
  OPTnumber = 	 {},
  OPTseries = 	 {},
  address = 	 {White Plains, NY},
  month = 	 {November},
  OPTorganization = {},
  OPTpublisher = {},
  OPTnote = 	 {},
  OPTannote = 	 {}
}

@InProceedings{Whitaker2004,
  author = 	 {A. Whitaker and R. S. Cox and M. Shaw and S. D. Gribble},
  title = 	 {Constructing Services with Interposable Virtual Hardware},
  OPTcrossref =  {},
  OPTkey = 	 {},
  booktitle = {Proceedings of the First Symposium on Networked Systems Design and Implementation (NSDI '04)},
  OPTpages = 	 {},
  year = 	 {2004},
  OPTeditor = 	 {},
  OPTvolume = 	 {},
  OPTnumber = 	 {},
  OPTseries = 	 {},
  address = 	 {San Francisco, CA},
  month = 	 {March},
  OPTorganization = {},
  OPTpublisher = {},
  OPTnote = 	 {},
  OPTannote = 	 {}
}


@InProceedings{Theimer1985,
  author = 	 {M. M. Theimer and K. A. Lantz and D. R. Cheriton},
  title = 	 {Preemptable remote execution facilities for the {V} system},
  OPTcrossref =  {},
  OPTkey = 	 {},
  booktitle = {Proceedings of the 10th Symposium on Operating Systems Principles (SOSP'85)},
  OPTpages = 	 {},
  year = 	 {1985},
  OPTeditor = 	 {},
  OPTvolume = 	 {},
  OPTnumber = 	 {},
  OPTseries = 	 {},
  address = 	 {Orcas Island, WA},
  month = 	 {December},
  OPTorganization = {},
  OPTpublisher = {},
  OPTnote = 	 {},
  OPTannote = 	 {}
}



@InProceedings{Stellner1996,
  author = 	 {G. Stellner},
  title = 	 {{CoCheck}: Checkpointing and process migration for {MPI}},
  OPTcrossref =  {},
  OPTkey = 	 {},
  booktitle = {Proceedings of the Tenth International Parallel Processing Symposium},
  OPTpages = 	 {},
  year = 	 {1996},
  OPTeditor = 	 {},
  OPTvolume = 	 {},
  OPTnumber = 	 {},
  OPTseries = 	 {},
  OPTaddress = 	 {},
  month = 	 {April},
  OPTorganization = {},
  OPTpublisher = {},
  OPTnote = 	 {},
  OPTannote = 	 {}
}



%Missing Address
@InProceedings{Plank1995,
  author = 	 {J. Plank and M. Beck and G. Kingsley and K. Li},
  title = 	 {Libckpt: Transparent checkpointing under {Unix}},
  OPTcrossref =  {},
  OPTkey = 	 {},
  booktitle = {Proceedings of the USENIX Winter 1995 Technical Conference},
  OPTpages = 	 {},
  year = 	 {1995},
  OPTeditor = 	 {},
  OPTvolume = 	 {},
  OPTnumber = 	 {},
  OPTseries = 	 {},
  OPTaddress = 	 {},
  month = 	 {January},
  OPTorganization = {},
  OPTpublisher = {},
  OPTnote = 	 {},
  OPTannote = 	 {}
}

%Missing Address
@InProceedings{Litzkow1988,
  author = 	 {M. Litzkow and M. Livny and M. Mutka},
  title = 	 {Condor: {A} hunter of idle workstations},
  OPTcrossref =  {},
  OPTkey = 	 {},
  booktitle = {Proceedings of the Eighth International Conference on Distributed Computing Systems},
  OPTpages = 	 {},
  year = 	 {1988},
  OPTeditor = 	 {},
  OPTvolume = 	 {},
  OPTnumber = 	 {},
  OPTseries = 	 {},
  OPTaddress = 	 {},
  month = 	 {June},
  OPTorganization = {},
  OPTpublisher = {},
  OPTnote = 	 {},
  OPTannote = 	 {}
}

%Disk PM
@InProceedings{DouglisKrishnan1994,
  author = 	 {F. Douglis and P. Krishnan and B. Marsh},
  title = 	 {Thwarting the power-hungry disk},
  OPTcrossref =  {},
  OPTkey = 	 {},
  booktitle = {Proceedings of The USENIX Winter 1994 Technical Conference},
  OPTpages = 	 {},
  year = 	 {1994},
  OPTeditor = 	 {},
  OPTvolume = 	 {},
  OPTnumber = 	 {},
  OPTseries = 	 {},
  address = 	 {San Francisco, CA},
  OPTmonth = 	 {},
  OPTorganization = {},
  OPTpublisher = {},
  OPTnote = 	 {},
  OPTannote = 	 {}
}

@InProceedings{Douglis1995,
  author = 	 {F. Douglis and P. Krishnan and B. N. Bershad},
  title = 	 {Adaptive Disk Spin-down Policies for Mobile Computers},
  OPTcrossref =  {},
  OPTkey = 	 {},
  booktitle = {Proceedings of the 2nd Symposium on Mobile and Location-Independent Computing},
  OPTpages = 	 {},
  year = 	 {1995},
  OPTeditor = 	 {},
  OPTvolume = 	 {},
  OPTnumber = 	 {},
  OPTseries = 	 {},
  OPTaddress = 	 {},
  month = 	 {April},
  OPTorganization = {},
  OPTpublisher = {},
  OPTnote = 	 {},
  OPTannote = 	 {}
}

@InProceedings{Helmbold1996,
  author = 	 {D. P. Helmbold and D. D. E. Long and B. Sherrod},
  title = 	 {A dynamic disk spin-down technique for mobile computing},
  OPTcrossref =  {},
  OPTkey = 	 {},
  booktitle = {Proceedings of the Second {ACM} International Conference on Mobile Computing and Networking (MobiCom'96)},
  OPTpages = 	 {},
  year = 	 {1996},
  OPTeditor = 	 {},
  OPTvolume = 	 {},
  OPTnumber = 	 {},
  OPTseries = 	 {},
  address = 	 {Rye, NY},
  month = 	 {November},
  OPTorganization = {},
  OPTpublisher = {},
  OPTnote = 	 {},
  OPTannote = 	 {}
}


% Scheduling and Processor PM



@InProceedings{Govil1995,
  author = 	 {K. Govil and E. Chan and H. Wasserman},
  title = 	 {Comparing algorithms for dynamic speed-setting of a low-power {CPU}},
  OPTcrossref =  {},
  OPTkey = 	 {},
  booktitle = {Proceedings of the First {ACM} International Conference on Mobile Computing and Networking (MobiCom'95)},
  OPTpages = 	 {},
  year = 	 {1995},
  OPTeditor = 	 {},
  OPTvolume = 	 {},
  OPTnumber = 	 {},
  OPTseries = 	 {},
  address = 	 {Berkeley, CA},
  month = 	 {November},
  OPTorganization = {},
  OPTpublisher = {},
  OPTnote = 	 {},
  OPTannote = 	 {}
}

@InProceedings{Pering1998,
  author = 	 {T. Pering and T. Burd and R. Brodersen},
  title = 	 {The simulation and evaluation of dynamic voltage scaling algorithms},
  OPTcrossref =  {},
  OPTkey = 	 {},
  booktitle = {Proceeedings of the International Symposium on Low Power Electronics and Design},
  OPTpages = 	 {},
  year = 	 {1998},
  OPTeditor = 	 {},
  OPTvolume = 	 {},
  OPTnumber = 	 {},
  OPTseries = 	 {},
  address = 	 {Monterey, CA},
  month = 	 {August},
  OPTorganization = {},
  OPTpublisher = {},
  OPTnote = 	 {},
  OPTannote = 	 {}
}

@InProceedings{Brakmo2004,
  author = 	 {L. S. Brakmo and D. A. Wallach and M. A. Viredaz},
  title = 	 {{microSleep}: {A} Technique for Reducing Energy Consumption in Handheld Devices},
  OPTcrossref =  {},
  OPTkey = 	 {},
  booktitle = {Proceedings of the Second International Conference on Mobile Systems, Applications, and Services (MobiSys'04)},
  OPTpages = 	 {},
  year = 	 {2004},
  OPTeditor = 	 {},
  OPTvolume = 	 {},
  OPTnumber = 	 {},
  OPTseries = 	 {},
  address = 	 {Boston, MA},
  month = 	 {June},
  OPTorganization = {},
  OPTpublisher = {},
  OPTnote = 	 {},
  OPTannote = 	 {}
}


@InProceedings{Kamijoh2001,
  author = 	 {N. Kamijoh and T. Inoue and C. M. Olsen and M. T. Raghunath and C. Narayanaswami},
  title = 	 {Energy trade-offs in the {IBM} wristwatch computer},
  OPTcrossref =  {},
  OPTkey = 	 {},
  booktitle = {Proceedings Fifth International Symposium on Wearable Computers},
  OPTpages = 	 {},
  year = 	 {2001},
  OPTeditor = 	 {},
  OPTvolume = 	 {},
  OPTnumber = 	 {},
  OPTseries = 	 {},
  address = 	 {Zurich, Switzerland},
  month = 	 {October},
  OPTorganization = {},
  OPTpublisher = {},
  OPTnote = 	 {},
  OPTannote = 	 {}
}

%Wireless Interface PM
@InProceedings{Anand2003,
  author = 	 {M. Anand and E. B. Nightingale and J. Flinn},
  title = 	 {Self-Tuning Wireless Network Power Management},
  OPTcrossref =  {},
  OPTkey = 	 {},
  booktitle = {Proceedings of the 9th {ACM} International Conference on Mobile Computing and Networking (MobiCom'03)},
  OPTpages = 	 {},
  year = 	 {2003},
  OPTeditor = 	 {},
  OPTvolume = 	 {},
  OPTnumber = 	 {},
  OPTseries = 	 {},
  address = 	 {San Diego, CA},
  month = 	 {September},
  OPTorganization = {},
  OPTpublisher = {},
  OPTnote = 	 {},
  OPTannote = 	 {}
}

%RAM PM Techniques




@InProceedings{Huang2003,
  author = 	 {H. Huang and P. Pillai and K. G. Shin},
  title = 	 {Design and Implementation of Power-Aware Virtual Memory},
  OPTcrossref =  {},
  OPTkey = 	 {},
  booktitle = {Proceedings of USENIX Technical Conference},
  OPTpages = 	 {},
  year = 	 {2003},
  OPTeditor = 	 {},
  OPTvolume = 	 {},
  OPTnumber = 	 {},
  OPTseries = 	 {},
  address = 	 {San Antonio, TX},
  month = 	 {June},
  OPTorganization = {},
  OPTpublisher = {},
  OPTnote = 	 {},
  OPTannote = 	 {}
}



%Other PM Techniques


@InProceedings{Kumar2003,
  author = 	 {R. Kumar and K. Farkas and N. Jouppi and P. Ranganathan and D. Tullsen},
  title = 	 {Single-ISA Heterogeneous Multi-Core Architectures: The Potential for Processor Power Reduction},
  OPTcrossref =  {},
  OPTkey = 	 {},
  booktitle = {Proceedings of the 36th Annual International Symposium on Microarchitecture},
  OPTpages = 	 {},
  year = 	 {2003},
  OPTeditor = 	 {},
  OPTvolume = 	 {},
  OPTnumber = 	 {},
  OPTseries = 	 {},
  address = 	 {San Diego, CA},
  month = 	 {December},
  OPTorganization = {},
  OPTpublisher = {},
  OPTnote = 	 {},
  OPTannote = 	 {}
}

@InProceedings{OlsenMorrow2002,
  author = 	 {C. M. Olsen and L. Alex Morrow},
  title = 	 {Multi-processor Computer System Having Low Power Consumption},
  OPTcrossref =  {},
  OPTkey = 	 {},
  booktitle = {Proceedings of the Second International Workshop on Power-Aware Computer Systems},
  OPTpages = 	 {},
  year = 	 {2002},
  OPTeditor = 	 {},
  OPTvolume = 	 {},
  OPTnumber = 	 {},
  OPTseries = 	 {},
  address = 	 {Cambridge, MA},
  month = 	 {February},
  OPTorganization = {},
  OPTpublisher = {},
  OPTnote = 	 {},
  OPTannote = 	 {}
}

@InProceedings{Tiwari1994,
  author = 	 {V. Tiwari and S. Malik and A. Wolfe},
  title = 	 {Compilation Techniques for Low Energy: An Overview},
  OPTcrossref =  {},
  OPTkey = 	 {},
  booktitle = {Proceedings of the 1994 IEEE Symposium on Low Power Electronics},
  OPTpages = 	 {},
  year = 	 {1994},
  OPTeditor = 	 {},
  OPTvolume = 	 {},
  OPTnumber = 	 {},
  OPTseries = 	 {},
  OPTaddress = 	 {},
  month = 	 {October},
  OPTorganization = {},
  OPTpublisher = {},
  OPTnote = 	 {},
  OPTannote = 	 {}
}


%PM System approaches
@Article{Mayo2003,
  author = 	 {R. Mayo and P. Ranganathan},
  title = 	 {Energy Consumption in Mobile Devices: Why Future Systems Need Requirements-Aware Energy Scale-Down},
  journal = 	 {Lecture Notes in Computer Science},
  year = 	 {2003},
  OPTkey = 	 {},
  OPTvolume = 	 {},
  OPTnumber = 	 {},
  OPTpages = 	 {},
  OPTmonth = 	 {},
  note = 	 {Special Issue on Power Management},
  OPTannote = 	 {}
}

@InProceedings{Zeng2002,
  author = 	 {H. Zeng and C. S. Ellis and A. R. Lebeck and A. Vahdat},
  title = 	 {ECOSystem: {Managing} energy as a first class operating system resource},
  OPTcrossref =  {},
  OPTkey = 	 {},
  booktitle = {Proceedings of the Tenth international conference on architectural support for programming languages and operating systems },
  OPTpages = 	 {},
  year = 	 {2002},
  OPTeditor = 	 {},
  OPTvolume = 	 {},
  OPTnumber = 	 {},
  OPTseries = 	 {},
  address = 	 {San Jose, CA},
  month = 	 {October},
  OPTorganization = {},
  OPTpublisher = {},
  OPTnote = 	 {},
  OPTannote = 	 {}
}

@InProceedings{Anand2004,
  author = 	 {M. Anand, E. B. Nightingale and J. Flinn},
  title = 	 {Ghosts in the Machine: Interfaces for Better Power Management},
  OPTcrossref =  {},
  OPTkey = 	 {},
  booktitle = {Proceedings of the Second International Conference on Mobile Systems, Applications, and Services (MobiSys'04)},
  OPTpages = 	 {},
  year = 	 {2004},
  OPTeditor = 	 {},
  OPTvolume = 	 {},
  OPTnumber = 	 {},
  OPTseries = 	 {},
  address = 	 {Boston, MA},
  month = 	 {June},
  OPTorganization = {},
  OPTpublisher = {},
  OPTnote = 	 {},
  OPTannote = 	 {}
}

@Article{FlinnSatya2004,
  author = 	 {J. Flinn and M. Satyanarayanan},
  title = 	 {Managing Battery Lifetime with Energy-Aware Adaptation},
  journal = 	 {ACM Transactions on Computer Systems (TOCS)},
  year = 	 {2004},
  OPTkey = 	 {},
  volume = 	 {22},
  number = 	 {2},
  OPTpages = 	 {},
  month = 	 {May},
  OPTnote = 	 {},
  OPTannote = 	 {}
}

@InProceedings{KravetsKrishnan1998,
  author = 	 {R. Kravets and P. Krishnan},
  title = 	 {Power management techniques for mobile communication},
  OPTcrossref =  {},
  OPTkey = 	 {},
  booktitle = {Proceedings of the Fourth {ACM} International Conference on Mobile Computing and Networking (MobiCom'98)},
  OPTpages = 	 {},
  year = 	 {1998},
  OPTeditor = 	 {},
  OPTvolume = 	 {},
  OPTnumber = 	 {},
  OPTseries = 	 {},
  address = 	 {Dallas, TX},
  month = 	 {October},
  OPTorganization = {},
  OPTpublisher = {},
  OPTnote = 	 {},
  OPTannote = 	 {}
}

@InProceedings{Simunic2000,
  author = 	 {T. Simunic and L. Benini and P. Glynn and G. De Micheli},
  title = 	 {Dynamic power management for portable systems},
  OPTcrossref =  {},
  OPTkey = 	 {},
  booktitle = {Proceedings of the Sixth {ACM} International Conference on Mobile Computing and Networking (MobiCom'00)},
  OPTpages = 	 {},
  year = 	 {2000},
  OPTeditor = 	 {},
  OPTvolume = 	 {},
  OPTnumber = 	 {},
  OPTseries = 	 {},
  address = 	 {Boston, MA},
  month = 	 {August},
  OPTorganization = {},
  OPTpublisher = {},
  OPTnote = 	 {},
  OPTannote = 	 {}
}



@InProceedings{Papathanasiou2003,
  author = 	 {A. E. Papathanasiou and M. L. Scott},
  title = 	 {Energy Efficiency through Burstiness},
  OPTcrossref =  {},
  OPTkey = 	 {},
  booktitle = {Proceedings of the IEEE Workshop on Mobile Computing Systems and Applications (WMCSA)},
  OPTpages = 	 {},
  year = 	 {2003},
  OPTeditor = 	 {},
  OPTvolume = 	 {},
  OPTnumber = 	 {},
  OPTseries = 	 {},
  address = 	 {Monterey, CA},
  month = 	 {October},
  OPTorganization = {},
  OPTpublisher = {},
  OPTnote = 	 {},
  OPTannote = 	 {}
}

%Tools and Measurement Studies

@InProceedings{FlinnSatya1999,
  author = 	 {J. Flinn and M. Satyanarayanan},
  title = 	 {PowerScope: A Tool for Profiling the Energy Usage of Mobile Applications},
  OPTcrossref =  {},
  OPTkey = 	 {},
  booktitle = {Proceedings of the Second IEEE Workshop on Mobile Computer Systems and Applications},
  OPTpages = 	 {},
  year = 	 {1999},
  OPTeditor = 	 {},
  OPTvolume = 	 {},
  OPTnumber = 	 {},
  OPTseries = 	 {},
  address = 	 {New Orleans, LA},
  month = 	 {February},
  OPTorganization = {},
  OPTpublisher = {},
  OPTnote = 	 {},
  OPTannote = 	 {}
}


@MastersThesis{Lorch95,
  author = 	 {J. Lorch},
  title = 	 {A complete picture of the energy consumption of a portable computer},
  school = 	 {University of California at Berkeley},
  year = 	 {1995},
  OPTkey = 	 {},
  OPTtype = 	 {},
  OPTaddress = 	 {},
  month = 	 {December},
  OPTnote = 	 {},
  OPTannote = 	 {}
}


@Article{Chinn2003,
  author = 	 {G. Chinn and S. Desai and Eric DiStefano and K. Ravichandran and S. Thakkar},
  title = 	 {Mobile {PC} Platforms Enabled with {Intel Centrino} Mobile Technology},
  journal = 	 {Intel Technology Journal},
  year = 	 {2003},
  OPTkey = 	 {},
  volume = 	 {7},
  number = 	 {2},
  OPTpages = 	 {},
  month = 	 {May},
  OPTnote = 	 {},
  OPTannote = 	 {}
}


@InProceedings{Shih2002,
  author = 	 {E. Shih and P. Bahl and M. J. Sinclair},
  title = 	 {{Wake on Wireless}: {An} Event Driven Energy Saving Strategy for Battery Operated Devices},
  OPTcrossref =  {},
  OPTkey = 	 {},
  booktitle = {Proceedings of the Eighth {ACM} Conference on Mobile Computing and Networking},
  OPTpages = 	 {},
  year = 	 {2002},
  OPTeditor = 	 {},
  OPTvolume = 	 {},
  OPTnumber = 	 {},
  OPTseries = 	 {},
  address = 	 {Atlanta, GA},
  month = 	 {September},
  OPTorganization = {},
  OPTpublisher = {},
  OPTnote = 	 {},
  OPTannote = 	 {}
}


% Service Discovery


@InProceedings{Adjie1999,
  author = 	 {W. Adjie-Winoto and E. Schwartz and H. Balakrishnan and J. Lilley},
  title = 	 {The design and implementation of an intentional naming system},
  OPTcrossref =  {},
  OPTkey = 	 {},
  booktitle = {Proceedings of the 17th Symposium on Operating Systems Principles (SOSP'99)},
  OPTpages = 	 {},
  year = 	 {1999},
  OPTeditor = 	 {},
  OPTvolume = 	 {},
  OPTnumber = 	 {},
  OPTseries = 	 {},
  address = 	 {Kiawah Island, SC},
  month = 	 {December},
  OPTorganization = {},
  OPTpublisher = {},
  OPTnote = 	 {},
  OPTannote = 	 {}
}

@InProceedings{Want2002,
  author = 	 {R. Want and T. Pering and G. Danneels and M. Kumar and M. Sundar and J. Light},
  title = 	 {The Personal Server - Changing the Way We Think about Ubiquitous Computing},
  OPTcrossref =  {},
  OPTkey = 	 {},
  booktitle = {Proceedings of Ubicomp 2002: 4th International Conference on Ubiquitous Computing},
  OPTpages = 	 {},
  year = 	 {2002},
  OPTeditor = 	 {},
  OPTvolume = 	 {},
  OPTnumber = 	 {},
  OPTseries = 	 {},
  address = 	 {Goteborg, Sweden},
  month = 	 {September},
  OPTorganization = {},
  OPTpublisher = {},
  OPTnote = 	 {},
  OPTannote = 	 {}
}

%%%%%%%%%%%%%%%%%%%%%%%


%Multiple radios
@InProceedings{MAR2004,
  author = 	 {P. Rodriguez and R. Chakravorty and J. Chesterfield and I. Pratt and S. Banerjee},
  title = 	 {MAR: A Commuter Router Infrastructure for the Mobile Internet},
  OPTcrossref =  {},
  OPTkey = 	 {},
  booktitle = {Proceedings of the Second International Conference on Mobile Systems, Applications, and Services},
  OPTpages = 	 {},
  year = 	 {2004},
  OPTeditor = 	 {},
  OPTvolume = 	 {},
  OPTnumber = 	 {},
  OPTseries = 	 {},
  address = 	 {Boston, MA},
  month = 	 {June},
  OPTorganization = {},
  OPTpublisher = {},
  OPTnote = 	 {},
  OPTannote = 	 {}
}

@InProceedings{Pering2005,
  author = 	 {T. Pering and V. Raghunathan and R. Want},
  title = 	 {Exploiting radio hierarchies for power-efficient wireless device discovery and connection setup},
  OPTcrossref =  {},
  OPTkey = 	 {},
  booktitle = {Proceedings of the IEEE International Conference on VLSI Design},
  OPTpages = 	 {},
  year = 	 {2005},
  OPTeditor = 	 {},
  OPTvolume = 	 {},
  OPTnumber = 	 {},
  OPTseries = 	 {},
  OPTaddress = 	 {},
  month = 	 {January},
  OPTorganization = {},
  OPTpublisher = {},
  OPTnote = 	 {},
  OPTannote = 	 {}
}

% Mobile Foo
@article{ satyanarayanan90coda,
    author = "M. Satyanarayanan and J. J. Kistler and P. Kumar and M. E. Okasaki and E. H. Siegel and D. C. Steere",
    title = "Coda: A Highly Available File System for a Distributed Workstation Environment",
    journal = "IEEE Transactions on Computers",
    volume = "39",
    number = "4",
    pages = "447-459",
    year = "1990",
    OPTurl = "citeseer.ist.psu.edu/satyanarayanan90coda.html" }


@InProceedings{Reiher1994,
  author = 	 {P. Reiher and J. S. Heidemann and D. Ratner and G. Skinner and G. J. Popek},
  title = 	 {Resolving File Conflicts in the {Ficus} File System},
  OPTcrossref =  {},
  OPTkey = 	 {},
  booktitle = {Proceedings of the 1994 Summer USENIX Conference},
  OPTpages = 	 {},
  year = 	 {1994},
  OPTeditor = 	 {},
  OPTvolume = 	 {},
  OPTnumber = 	 {},
  OPTseries = 	 {},
  address = 	 {Boston, MA},
  month = 	 {June},
  OPTorganization = {},
  OPTpublisher = {},
  OPTnote = 	 {},
  OPTannote = 	 {}
}

@InProceedings{bayou94,
  author = 	 {A. J. Demers and K. Petersen and M. J. Spreitzer and D. B. Terry and M. M. Theimer and B. B. Welch},
  title = 	 {The Bayou architecture: Support for data sharing among mobile users},
  OPTcrossref =  {},
  OPTkey = 	 {},
  booktitle = {Proceedings IEEE Workshop on Mobile Computing Systems and Applications},
  pages = 	 {2-7},
  year = 	 {1994},
  OPTeditor = 	 {},
  OPTvolume = 	 {},
  OPTnumber = 	 {},
  OPTseries = 	 {},
  address = 	 {Santa Cruz, California},
  month = 	 {December},
  OPTorganization = {},
  OPTpublisher = {},
  OPTnote = 	 {},
  OPTannote = 	 {}
}

@InProceedings{bayou97,
  author = 	 {K. Petersen and M. J. Spreitzer and D. B. Terry and M. M. Theimer and A. J. Demers},
  title = 	 {Flexible Update Propagation for Weakly Consistent Replication},
  OPTcrossref =  {},
  OPTkey = 	 {},
  booktitle = {Proceedings of the 16th ACM Symposium on Operating Systems Principles (SOSP-16)},
  OPTpages = 	 {},
  year = 	 {1997},
  OPTeditor = 	 {},
  OPTvolume = 	 {},
  OPTnumber = 	 {},
  OPTseries = 	 {},
  address = 	 {Saint Malo, France},
  month = 	 {October},
  OPTorganization = {},
  OPTpublisher = {},
  OPTnote = 	 {},
  OPTannote = 	 {}
}


@InProceedings{Phatak1999,
  author = 	 {S. Phatak and B. R. Badrinath},
  title = 	 {Data partitioning for disconnected client-server databases},
  OPTcrossref =  {},
  OPTkey = 	 {},
  booktitle = {Proceedings of the ACM International Workshop on Data Engineering for Wireless and Mobile Access},
  OPTpages = 	 {},
  year = 	 {1999},
  OPTeditor = 	 {},
  OPTvolume = 	 {},
  OPTnumber = 	 {},
  OPTseries = 	 {},
  OPTaddress = 	 {},
  month = 	 {August},
  OPTorganization = {},
  OPTpublisher = {},
  OPTnote = 	 {},
  OPTannote = 	 {}
}

@InProceedings{Balan2003,
  author = 	 {R. K. Balan and J. P. Sousa and M. Satyanarayanan},
  title = 	 {Tactics-Based Remote Execution for Mobile Computing},
  OPTcrossref =  {},
  OPTkey = 	 {},
  booktitle = {Proceedings of The First International Conference on Mobile Systems, Applications, and Services (MobiSys '03)},
  OPTpages = 	 {},
  year = 	 {2003},
  OPTeditor = 	 {},
  OPTvolume = 	 {},
  OPTnumber = 	 {},
  OPTseries = 	 {},
  address = 	 {San Francisco, CA},
  month = 	 {May},
  OPTorganization = {},
  OPTpublisher = {},
  OPTnote = 	 {},
  OPTannote = 	 {}
}



@InProceedings{Flinn2002,
  author = 	 {J. Flinn and S. Park and M. Satyanarayanan},
  title = 	 {Balancing Performance, Energy, and Quality in Pervasive Computing},
  OPTcrossref =  {},
  OPTkey = 	 {},
  booktitle = {Proceedings of the 22nd International Conference on Distributed Computing Systems (ICDCS'02)},
  OPTpages = 	 {},
  year = 	 {2002},
  OPTeditor = 	 {},
  OPTvolume = 	 {},
  OPTnumber = 	 {},
  OPTseries = 	 {},
  address = 	 {Vienna, Austria},
  month = 	 {July},
  OPTorganization = {},
  OPTpublisher = {},
  OPTnote = 	 {},
  OPTannote = 	 {}
}

% Clustering/Microservers


@InProceedings{Bandyopadhyay2003,
  author = 	 {S. Bandyopadhyay and E. J. Coyle},
  title = 	 {An Energy Efficient Hierarchical Clustering Algorithm for Wireless Sensor Networks},
  OPTcrossref =  {},
  OPTkey = 	 {},
  booktitle = {Proceedings of IEEE Infocom},
  OPTpages = 	 {},
  year = 	 {2003},
  OPTeditor = 	 {},
  OPTvolume = 	 {},
  OPTnumber = 	 {},
  OPTseries = 	 {},
  address = 	 {San Francisco, CA},
  month = 	 {March},
  OPTorganization = {},
  OPTpublisher = {},
  OPTnote = 	 {},
  OPTannote = 	 {}
}

@InProceedings{Heinzelman2000,
  author = 	 {Wendi Heinzelman and Anantha Chandrakasan and Hari Balakrishnan},
  title = 	 {Energy-Efficient Communication Protocols for Wireless Microsensor Networks},
  OPTcrossref =  {},
  OPTkey = 	 {},
  booktitle = {Proceedings of the Hawaiian International Conference on Systems Science},
  OPTpages = 	 {},
  year = 	 {2000},
  OPTeditor = 	 {},
  OPTvolume = 	 {},
  OPTnumber = 	 {},
  OPTseries = 	 {},
  OPTaddress = 	 {},
  month = 	 {January},
  OPTorganization = {},
  OPTpublisher = {},
  OPTnote = 	 {},
  OPTannote = 	 {}
}

@Article{Younis2004,
  author = 	 {O. Younis and S. Fahmy},
  title = 	 {{HEED}: A Hybrid, Energy-Efficient, Distributed Clustering Approach for Ad-hoc Sensor Networks},
  journal = 	 {IEEE Transactions on Mobile Computing},
  year = 	 {2004},
  OPTkey = 	 {},
  volume = 	 {4},
  number = 	 {4},
  OPTpages = 	 {},
  month = 	 {October},
  OPTnote = 	 {},
  OPTannote = 	 {}
}


@InProceedings{Girod2004,
  author = 	 {L. Girod and T. Stathopoulos and N. Ramanathan and J. Elson and D. Estrin and E. Osterweil and T. Schoellhammer},
  title = 	 {A System for Simulation, Emulation, and Deployment of Heterogeneous Sensor Networks},
  OPTcrossref =  {},
  OPTkey = 	 {},
  booktitle = {Proceedings of The Second ACM Conference on Embedded Networked Sensor Systems (SenSys '04)},
  OPTpages = 	 {},
  year = 	 {2004},
  OPTeditor = 	 {},
  OPTvolume = 	 {},
  OPTnumber = 	 {},
  OPTseries = 	 {},
  address = 	 {Baltimore, MD},
  month = 	 {November},
  OPTorganization = {},
  OPTpublisher = {},
  OPTnote = 	 {},
  OPTannote = 	 {}
}

@TechReport{Wang2005,
  author = 	 {H. Wang L. Girod and N. Ramanathan and D. Estrin and K. Yao},
  title = 	 {A Platform For Collaborative Acoustic Signal Processing},
  institution =  {UCLA/CENS},
  year = 	 {2005},
  OPTkey = 	 {},
  OPTtype = 	 {},
  number = 	 {46},
  OPTaddress = 	 {},
  month = 	 {January},
  OPTnote = 	 {},
  OPTannote = 	 {}
}


@Unpublished{Stathopoulos2004,
  author = 	 {T. Stathopoulos and L. Girod and J. Heidemann and D. Estrin},
  title = 	 {System Support for Coordinated Imaging For Sensor Networks},
  note = 	 {Unpublished Poster},
  OPTkey = 	 {},
  OPTmonth = 	 {},
  year = 	 {2004},
  annote = 	 {UCLA Center for Embedded Networked Sensing}
}



@TechReport{McIntire,
  author = 	 {D. McIntire},
  title = 	 {Energy Benefits of 32-bit Microprocessor Wireless Sensing Systems},
  institution =  {Sensoria Corporation},
  year = 	 {2005},
  OPTkey = 	 {},
  OPTtype = 	 {},
  OPTnumber = 	 {},
  address = 	 {Culver City, CA},
  OPTmonth = 	 {},
  OPTnote = 	 {},
  OPTannote = 	 {}
}

@InProceedings{Burns2005,
  author = 	 {B. Burns and O. Brock and B. N. Levine},
  title = 	 {{MV} Routing and Capacity Building in Disruption Tolerant Networks},
  OPTcrossref =  {},
  OPTkey = 	 {},
  booktitle = {Proceedings of IEEE Infocom 2005},
  OPTpages = 	 {},
  year = 	 {2005},
  OPTeditor = 	 {},
  OPTvolume = 	 {},
  OPTnumber = 	 {},
  OPTseries = 	 {},
  OPTaddress = 	 {},
  month = 	 {March},
  OPTorganization = {},
  OPTpublisher = {},
  OPTnote = 	 {},
  OPTannote = 	 {}
}


@InProceedings{Kulkarni05:ACMMM,
  author = 	 {P. Kulkarni and D. Ganesan and P. Shenoy},
  title = 	 {Senseye: A multi-tier camera sensor network},
  OPTcrossref =  {},
  OPTkey = 	 {},
  booktitle = {ACM Multimedia},
  OPTpages = 	 {},
  year = 	 {2005},
  OPTeditor = 	 {},
  OPTvolume = 	 {},
  OPTnumber = 	 {},
  OPTseries = 	 {},
  OPTaddress = 	 {},
  OPTmonth = 	 {},
  OPTorganization = {},
  OPTpublisher = {},
  OPTnote = 	 {},
  OPTannote = 	 {}
}

% Microserver Services

@InProceedings{Ganesan2003,
  author = 	 {D. Ganesan and B. Greenstein and D. Perelyubskiy and D. Estrin and J. Heidemann},
  title = 	 {An Evaluation of Multi-resolution Storage for Sensor Networks},
  OPTcrossref =  {},
  OPTkey = 	 {},
  booktitle = {Proceedings of The First ACM Conference on Embedded Networked Sensor Systems (SenSys '03)},
  OPTpages = 	 {},
  year = 	 {2003},
  OPTeditor = 	 {},
  OPTvolume = 	 {},
  OPTnumber = 	 {},
  OPTseries = 	 {},
  address = 	 {Los Angeles, CA},
  month = 	 {November},
  OPTorganization = {},
  OPTpublisher = {},
  OPTnote = 	 {},
  OPTannote = 	 {}
}

@InProceedings{Li2002,
  author = 	 {D. Li and K. Wong and Y. H. Hu and A. Sayeed},
  title = 	 {Detection, Classification and Tracking of Targets},
  OPTcrossref =  {},
  OPTkey = 	 {},
  booktitle = {IEEE Signal Processing Magazine},
  OPTpages = 	 {},
  year = 	 {2002},
  OPTeditor = 	 {},
  OPTvolume = 	 {},
  OPTnumber = 	 {},
  OPTseries = 	 {},
  OPTaddress = 	 {},
  month = 	 {March},
  OPTorganization = {},
  OPTpublisher = {},
  OPTnote = 	 {},
  OPTannote = 	 {}
}

%HPM nodes

@InProceedings{Sorber2005,
  author = 	 {J. Sorber and N. Banerjee and M. D. Corner and S. Rollins},
  title = 	 {Turducken: Hierarchical Power Management for Mobile Devices},
  OPTcrossref =  {},
  OPTkey = 	 {},
  booktitle = {Proceedings of The Third International Conference on Mobile Systems, Applications, and Services (MobiSys '05)},
  OPTpages = 	 {},
  year = 	 {2005},
  OPTeditor = 	 {},
  OPTvolume = 	 {},
  OPTnumber = 	 {},
  OPTseries = 	 {},
  address = 	 {Seattle, WA},
  month = 	 {June},
  OPTorganization = {},
  OPTpublisher = {},
  OPTnote = 	 {},
  OPTannote = 	 {}
}



@InProceedings{Schott2005,
  author = 	 {B. Schott and M. Bajura and J. Czarnaski and J. Flidr and T. Tho and L. Wang},
  title = 	 {A Modular Power-Aware Microsensor with 1000X Dynamic Power Range},
  OPTcrossref =  {},
  OPTkey = 	 {},
  booktitle = {Proceedings of Information Processing in Sensor Networks (ISPN)},
  OPTpages = 	 {},
  year = 	 {2005},
  OPTeditor = 	 {},
  OPTvolume = 	 {},
  OPTnumber = 	 {},
  OPTseries = 	 {},
  address = 	 {Los Angeles, CA},
  month = 	 {April},
  OPTorganization = {},
  OPTpublisher = {},
  OPTnote = 	 {},
  OPTannote = 	 {}
}

@InProceedings{Worth2004,
  author = 	 {C. Worth and M. Bajura and J. Flidr and B. Schott},
  title = 	 {On-demand Linux for Power-aware Embedded Sensors},
  OPTcrossref =  {},
  OPTkey = 	 {},
  booktitle = {Proceedings of the Ottawa Linux Symposium},
  OPTpages = 	 {},
  year = 	 {2004},
  OPTeditor = 	 {},
  OPTvolume = 	 {},
  OPTnumber = 	 {},
  OPTseries = 	 {},
  OPTaddress = 	 {Ottawa, Ontario, Canada},
  month = 	 {July},
  OPTorganization = {},
  OPTpublisher = {},
  OPTnote = 	 {},
  OPTannote = 	 {}
}

@InProceedings{Lymber2005,
  author = 	 {D. Lymberopoulos and A. Savvides},
  title = 	 {{XYZ}: {A} Motion-Enabled, Power Aware Sensor Node Platform for Distributed Sensor Network  Applications},
  OPTcrossref =  {},
  OPTkey = 	 {},
  booktitle = {Proceedings of Information Processing in Sensor Networks (ISPN)},
  OPTpages = 	 {},
  year = 	 {2005},
  OPTeditor = 	 {},
  OPTvolume = 	 {},
  OPTnumber = 	 {},
  OPTseries = 	 {},
  address = 	 {Los Angeles, CA},
  month = 	 {April},
  OPTorganization = {},
  OPTpublisher = {},
  OPTnote = 	 {},
  OPTannote = 	 {}
}

@Manual{Stargate2004,
  title = 	 {Stargate Developer's Guide},
  OPTkey = 	 {},
  OPTauthor = 	 {},
  organization = {Crossbow Technology Inc.},
  address = 	 {San Jose, CA},
  edition = 	 {{Rev. A}},
  month = 	 {September},
  year = 	 {2004},
  note = 	 {7430-0317-12},
  OPTannote = 	 {}
}


% File systems

@article{rosenblum92design,
 author = {M. Rosenblum and J. K. Ousterhout},
 title = {The design and implementation of a log-structured file system},
 journal = {ACM Transactions on  Computer Systems},
 volume = {10},
 number = {1},
 year = {1992},
 issn = {0734-2071},
 pages = {26--52},
 publisher = {ACM Press},
 }

@INPROCEEDINGS{woodhouse01jffs2,
  AUTHOR = {D. Woodhouse},
  TITLE = {{JFFS}: {T}he Journalling Flash File System},
  OPTCROSSREF = {},
  OPTKEY = {},
  BOOKTITLE = {Ottawa Linux Symposium},
  OPTPAGES = {},
  YEAR = {2001},
  OPTEDITOR = {},
  OPTVOLUME = {},
  OPTNUMBER = {},
  OPTSERIES = {},
  ADDRESS = {Ottawa, Canada},
  OPTMONTH = {},
  OPTORGANIZATION = {RedHat Inc.},
  OPTPUBLISHER = {},
  OPTNOTE = {},
  OPTANNOTE = {}
}

@InProceedings{Dai2004,
  author = 	 {H. Dai and M. Neufeld and R. Han},
  title = 	 {{ELF}: {A}n Efficient Log-Structured Flash File System For Micro Sensor Nodes},
  OPTcrossref =  {},
  OPTkey = 	 {},
  booktitle = {Proceedings of The Second ACM Conference on Embedded Networked Sensor Systems (SenSys '04)},
  OPTpages = 	 {},
  year = 	 {2004},
  OPTeditor = 	 {},
  OPTvolume = 	 {},
  OPTnumber = 	 {},
  OPTseries = 	 {},
  address = 	 {Baltimore, MD},
  month = 	 {November},
  OPTorganization = {},
  OPTpublisher = {},
  OPTnote = 	 {},
  OPTannote = 	 {}
}

@Unpublished{Gay2003,
  author = 	 {D. Gay},
  title = 	 {Design of {Matchbox}, the simple filing system for motes},
  note = 	 {TinyOS Documentation},
  OPTkey = 	 {},
  month = 	 {August},
  year = 	 {2003},
  annote = 	 {Version 1.0}
}


@InProceedings{Gay2003b,
  author = 	 {D. Gay and P. Levis and R. V. Behren and M. Welsh and E. Brewer and D. Culler},
  title = 	 {The nesC Language: A Holistic Approach to Networked Embedded Systems},
  OPTcrossref =  {},
  OPTkey = 	 {},
  booktitle = {Proceedings of Programming Language Design and Implementation (PLDI)},
  OPTpages = 	 {},
  year = 	 {2003},
  OPTeditor = 	 {},
  OPTvolume = 	 {},
  OPTnumber = 	 {},
  OPTseries = 	 {},
  OPTaddress = 	 {},
  month = 	 {June},
  OPTorganization = {},
  OPTpublisher = {},
  OPTnote = 	 {},
  OPTannote = 	 {}
}

%Sensor Deployments

@InProceedings{Mainwaring2002,
  author = 	 {A. Mainwaring and J. Polastre and R. Szewczyk and D. Culler and J. Anderson},
  title = 	 {Wireless Sensor Networks for Habitat Monitoring},
  OPTcrossref =  {},
  OPTkey = 	 {},
  booktitle = {Workshop on Wireless Sensor Networks and Applications},
  OPTpages = 	 {},
  year = 	 {2002},
  OPTeditor = 	 {},
  OPTvolume = 	 {},
  OPTnumber = 	 {},
  OPTseries = 	 {},
  address = 	 {Atlanta, GA},
  month = 	 {September},
  OPTorganization = {},
  OPTpublisher = {},
  OPTnote = 	 {},
  OPTannote = 	 {}
}

@InProceedings{Basharat2005,
  author = 	 {A. Basharat and N. Catbas and M. Shah},
  title = 	 {A Framework for Intelligent Sensor Network with Video Camera for Structural Health Monitoring of Bridges},
  OPTcrossref =  {},
  OPTkey = 	 {},
  booktitle = {Proceedings of First International Workshop on Sensor Networks and Systems for Pervasive Computing (PerSeNS'05) },
  OPTpages = 	 {},
  year = 	 {2005},
  OPTeditor = 	 {},
  OPTvolume = 	 {},
  OPTnumber = 	 {},
  OPTseries = 	 {},
  address = 	 {Kauai Island, Hawaii},
  month = 	 {March},
  OPTorganization = {},
  OPTpublisher = {},
  OPTnote = 	 {},
  OPTannote = 	 {}
}

@InProceedings{Rahimi2005,
  author = 	 {M. Rahimi and R. Baer and O. I. Iroezi and J. C. Garcia and J. Warrior and D. Estrin and M. Srivastava},
  title = 	 {Cyclops: In Situ Image Sensing and Interpretation in Wireless Sensor Networks},
  OPTcrossref =  {},
  OPTkey = 	 {},
  booktitle = {Proceedings of the Third ACM Conference on Embedded Networked Sensor Systems (SenSys)},
  OPTpages = 	 {},
  year = 	 {2005},
  OPTeditor = 	 {},
  OPTvolume = 	 {},
  OPTnumber = 	 {},
  OPTseries = 	 {},
  address = 	 {San Diago},
  month = 	 {November},
  OPTorganization = {},
  OPTpublisher = {},
  OPTnote = 	 {},
  OPTannote = 	 {}
}

